<record><leader>00000cas a2200000 a 4500</leader><controlfield tag="001">11298719</controlfield><controlfield tag="008">841023d18641864ksuwr ne      0   a0eng d</controlfield><datafield ind1=" " ind2=" " tag="010"><subfield code="a">sn 84029962 </subfield></datafield><datafield ind1=" " ind2=" " tag="040"><subfield code="a">KSH</subfield><subfield code="b">eng</subfield><subfield code="c">KSH</subfield><subfield code="d">NPT</subfield><subfield code="d">OCL</subfield><subfield code="d">OCLCQ</subfield></datafield><datafield ind1=" " ind2=" " tag="042"><subfield code="a">msc</subfield></datafield><datafield ind1="0" ind2=" " tag="130"><subfield code="a">Journal (Minneola, Kan.)</subfield></datafield><datafield ind1="1" ind2="4" tag="245"><subfield code="a">The journal.</subfield></datafield><datafield ind1="1" ind2="3" tag="246"><subfield code="a">Kansas journal</subfield><subfield code="f">Apr. 9, 1864</subfield></datafield><datafield ind1="1" ind2="3" tag="246"><subfield code="a">Kansas weekly news journal</subfield><subfield code="f">June 4-Sept. 3, 1864</subfield></datafield><datafield ind1=" " ind2=" " tag="260"><subfield code="a">Minneola, Kan. :</subfield><subfield code="b">C.W. Goodin &amp; Co.,</subfield><subfield code="c">-1864.</subfield></datafield><datafield ind1=" " ind2=" " tag="300"><subfield code="a">v. ;</subfield><subfield code="c">12-17 cm.</subfield></datafield><datafield ind1=" " ind2=" " tag="310"><subfield code="a">Weekly</subfield></datafield><datafield ind1="0" ind2=" " tag="362"><subfield code="a">-v. 1, no. 29 (Sept. 3, 1864).</subfield></datafield><datafield ind1="1" ind2=" " tag="362"><subfield code="a">Began in 1864?</subfield></datafield><datafield ind1=" " ind2=" " tag="500"><subfield code="a">Published by: C.W. Goodin, Apr. 30-Aug. 6, 1864; C.W. Goodin &amp; D.L. Welsh, Aug. 13-Sept. 3, 1864.</subfield></datafield><datafield ind1=" " ind2=" " tag="500"><subfield code="a">"Devoted to union."</subfield></datafield><datafield ind1=" " ind2=" " tag="515"><subfield code="a">Suspended with Apr. 9, 1864 issue; resumed with Apr. 30, 1864 issue.</subfield></datafield><datafield ind1=" " ind2=" " tag="588"><subfield code="a">Description based on: Vol. 1, no. 6 (Mar. 10, 1864).</subfield></datafield><datafield ind1=" " ind2=" " tag="752"><subfield code="a">United States</subfield><subfield code="b">Kansas</subfield><subfield code="c">Franklin</subfield><subfield code="d">Minneola.</subfield></datafield><datafield ind1="0" ind2="0" tag="785"><subfield code="t">Young America (Baldwin City, Kan.)</subfield><subfield code="w">(DLC)sn 84029963</subfield></datafield></record>